@inproceedings{2008MondrianProcess,
 author = {Roy, Daniel M and Teh, Yee},
 booktitle = {Advances in Neural Information Processing Systems},
 editor = {D. Koller and D. Schuurmans and Y. Bengio and L. Bottou},
 pages = {},
 publisher = {Curran Associates, Inc.},
 title = {The Mondrian Process},
 url = {https://proceedings.neurips.cc/paper/2008/file/fe8c15fed5f808006ce95eddb7366e35-Paper.pdf},
 volume = {21},
 year = {2009},
 keywords={mondrian}
}
@misc{2015MondrianForest,
      title={Mondrian Forests: Efficient Online Random Forests}, 
      author={Balaji Lakshminarayanan and Daniel M. Roy and Yee Whye Teh},
      year={2015},
      eprint={1406.2673},
      archivePrefix={arXiv},
      primaryClass={stat.ML},
      keywords={mondrian} 
}
@misc{2015MPMachineLearning,
      title={The Mondrian Process for Machine Learning}, 
      author={Matej Balog and Yee Whye Teh},
      year={2015},
      eprint={1507.05181},
      archivePrefix={arXiv},
      primaryClass={stat.ML},
       keywords={mondrian}
}
@inproceedings{2016BalajPHD,
author = {Lakshminarayanan, B},
year = {2016},
month = {06},
pages = {},
title = {Decision trees and forests: a probabilistic perspective},
 keywords={mondrian}
}
@inproceedings{Castin2018ClusteringWD,
  title={Clustering with Decision Trees: Divisive and Agglomerative Approach},
  author={Lauriane Castin and Beno{\^i}t Fr{\'e}nay},
  booktitle={ESANN},
  year={2018},
   keywords={clustering}
}
@Thesis{UnsupervisedTree,
    author      = {Castin, L},
    title       = {Clustering with Decision Trees: Divisive and Agglomerative Approach},
    type        = {Master thesis in Computer science}, % mathesis and phdthesis work here
    institution = {University of Namur},
    year        = {2017},
     keywords={clustering}
}
@article{article,
author = {Saxena, Amit and Prasad, Mukesh and Gupta, Akshansh and Bharill, Neha and Patel, op and Tiwari, Aruna and Er, Meng and Lin, Chin-Teng},
year = {2017},
month = {07},
pages = {},
title = {A Review of Clustering Techniques and Developments},
volume = {267},
journal = {Neurocomputing},
doi = {10.1016/j.neucom.2017.06.053},
 keywords={clustering}
}
@article{10.5555/1756006.1953024,
author = {Vinh, Nguyen Xuan and Epps, Julien and Bailey, James},
title = {Information Theoretic Measures for Clusterings Comparison: Variants, Properties, Normalization and Correction for Chance},
year = {2010},
issue_date = {3/1/2010},
publisher = {JMLR.org},
volume = {11},
issn = {1532-4435},
journal = {J. Mach. Learn. Res.},
month = dec,
pages = {2837–2854},
numpages = {18}
}
@misc{mourtada2019minimax,
      title={Minimax optimal rates for Mondrian trees and forests}, 
      author={Jaouad Mourtada and Stéphane Gaïffas and Erwan Scornet},
      year={2019},
      eprint={1803.05784},
      archivePrefix={arXiv},
      primaryClass={stat.ML}
}
@book{libroonline,
title={Introduction to probability, statistics, and random processes},
author={H. Pishro-Nik},
url={https://www.probabilitycourse.com},
publisher={Kappa Research LLC},
year={2014}
}
@techreport{mitpoisson,
  author       = {Robert Gallager}, 
  title        = {6.262, Discrete stochastic processes},
  institution  = {Massachusetts Institute of Technology: MIT OpenCouseWare},
  year         = {Spring 2011},
 url={https://ocw.mit.edu/},
 note         = { License: Creative Commons BY-NC-SA}
}
@article{scikit-learn,
 title={Scikit-learn: Machine Learning in {P}ython},
 author={Pedregosa, F. and Varoquaux, G. and Gramfort, A. and Michel, V.
         and Thirion, B. and Grisel, O. and Blondel, M. and Prettenhofer, P.
         and Weiss, R. and Dubourg, V. and Vanderplas, J. and Passos, A. and
         Cournapeau, D. and Brucher, M. and Perrot, M. and Duchesnay, E.},
 journal={Journal of Machine Learning Research},
 volume={12},
 pages={2825--2830},
 year={2011}
}