@inproceedings{Castin2018ClusteringWD,
  title={Clustering with Decision Trees: Divisive and Agglomerative Approach},
  author={Lauriane Castin and Beno{\^i}t Fr{\'e}nay},
  booktitle={ESANN},
  year={2018}
}
@Thesis{UnsupervisedTree,
    author      = {Castin, L},
    title       = {Clustering with Decision Trees: Divisive and Agglomerative Approach},
    type        = {Master thesis in Computer science}, % mathesis and phdthesis work here
    institution = {University of Namur},
    year        = {2017},
}
@article{article,
author = {Saxena, Amit and Prasad, Mukesh and Gupta, Akshansh and Bharill, Neha and Patel, op and Tiwari, Aruna and Er, Meng and Lin, Chin-Teng},
year = {2017},
month = {07},
pages = {},
title = {A Review of Clustering Techniques and Developments},
volume = {267},
journal = {Neurocomputing},
doi = {10.1016/j.neucom.2017.06.053}
}
